@online{rustBookDe,
  author = {{rust-lang}(Github)},
  title = {{Die Programmiersprache Rust}},
  year = 2017,
  url = {https://rust-lang-de.github.io/rustbook-de/},
  urldate = {2017-09-22}
}
@online{rustWikiDe,
  author = {wikipedia.org},
  title = {{Rust (Programmiersprache)}},
  year = 2017,
  url = {https://de.wikipedia.org/wiki/Rust_(Programmiersprache)},
  urldate = {2017-09-22}
}